% Bibliography of key references for "LaTeX for Thesis and Large Documents"
% For use with BibTeX

@book{goossens.book,
	author =	"Michel Goossens and Frank Mittelbach and 
			 Alexander Samarin",
	title =		"The \LaTeX\ Companion",
	year = 		"1994",
	publisher =	"Addison-Wesley",
	address = 	"Reading, Massachusetts"
}

@book{knuth.book,
        author =        "Donald Knuth",
        title =         "The \TeX book",
        year =          "1986",
        publisher =     "Addison-Wesley",
        address =       "Reading, Massachusetts"
}

@book{lamport.book,
	author =        "Leslie Lamport",
	title =         "\LaTeX\ --- A Document Preparation System",
        edition =       "Second",
	year = 		"1994",
	publisher = 	"Addison-Wesley",
	address =       "Reading, Massachusetts"
}

@article{bateman2004pfam,
  title={The Pfam protein families database},
  author={Bateman, Alex and Coin, Lachlan and Durbin, Richard and Finn, Robert D and Hollich, Volker and Griffiths-Jones, Sam and Khanna, Ajay and Marshall, Mhairi and Moxon, Simon and Sonnhammer, Erik LL and others},
  journal={Nucleic acids research},
  volume={32},
  number={suppl\_1},
  pages={D138--D141},
  year={2004},
  publisher={Oxford University Press}
}

@article{griffiths2003rfam,
  title={Rfam: an RNA family database},
  author={Griffiths-Jones, Sam and Bateman, Alex and Marshall, Mhairi and Khanna, Ajay and Eddy, Sean R},
  journal={Nucleic acids research},
  volume={31},
  number={1},
  pages={439--441},
  year={2003},
  publisher={Oxford University Press}
}

@ARTICLE{ behnel2010cython,
    author={Behnel, S. and Bradshaw, R. and Citro, C. and Dalcin, L. and Seljebotn, D.S. and Smith, K.},
    journal={Computing in Science Engineering},
    title={Cython: The Best of Both Worlds},
    year={2011},
    month={april} ,
    volume={13},
    number={2},
    pages={31 -39},
    keywords={Cython language;Fortran code;Python language extension;numerical loops;programming language;C language;numerical analysis;},
    doi={10.1109/MCSE.2010.118},
    ISSN={1521-9615},
}

@inproceedings{lam2015numba,
  title={Numba: A llvm-based python jit compiler},
  author={Lam, Siu Kwan and Pitrou, Antoine and Seibert, Stanley},
  booktitle={Proceedings of the Second Workshop on the LLVM Compiler Infrastructure in HPC},
  pages={7},
  year={2015},
  organization={ACM}
}

@book{kernighan2006c,
  title={The C programming language},
  author={Kernighan, Brian W and Ritchie, Dennis M},
  publisher={Prentice Hall},
  year={2006}
}

@Book{ISO:1998:IIP,
  author =       "{ISO}",
  title =        "{ISO\slash IEC 14882:1998}: {Programming} languages
                 --- {C++}",
  publisher =    {International Organization for Standardization},
  address =     {Geneva, Switzerland},
  pages =        "732",
  day =          "1",
  month =        sep,
  year =         {1998},
  ISBN =         "????",
  ISBN-13 =      "????",
  LCCN =         "????",
  bibdate =      "Tue Dec 12 06:45:55 2000",
  bibsource =    "http://www.math.utah.edu/pub/tex/bib/isostd.bib;
                 http://www.math.utah.edu/pub/tex/bib/mathcw.bib",
  note =         "Available in electronic form for online purchase at
                 \path=http://webstore.ansi.org/= and
                 \path=http://www.cssinfo.com/=.",
  price =        "CHF 351, US\$18 (electronic), US\$252 (print);
                 US\$245.00",
  URL =          "http://webstore.ansi.org/ansidocstore/product.asp?sku=ISO%2FIEC+14882%2D1998;
                 http://webstore.ansi.org/ansidocstore/product.asp?sku=ISO%2FIEC+14882%3A1998;
                 http://www.iso.ch/cate/d25845.html;
                 https://webstore.ansi.org/",
  acknowledgement = ack-nhfb,
  xxISBN =       "none",
}

@book{van1995python,
  title={Python reference manual},
  author={Van Rossum, Guido and Drake Jr, Fred L},
  year={1995},
  publisher={Centrum voor Wiskunde en Informatica Amsterdam}
}

@inproceedings{kluyver2016jupyter,
  title={Jupyter Notebooks-a publishing format for reproducible computational workflows.},
  author={Kluyver, Thomas and Ragan-Kelley, Benjamin and P{\'e}rez, Fernando and Granger, Brian E and Bussonnier, Matthias and Frederic, Jonathan and Kelley, Kyle and Hamrick, Jessica B and Grout, Jason and Corlay, Sylvain and others},
  booktitle={ELPUB},
  pages={87--90},
  year={2016}
}

@article{bergstrand2019pygenprop,
  title={Pygenprop: a Python library for programmatic exploration and comparison of organism Genome Properties},
  author={Bergstrand, Lee H and Neufeld, Josh D and Doxey, Andrew C},
  journal={Bioinformatics},
  year={2019}
}

@article{jones2014interproscan,
  title={InterProScan 5: genome-scale protein function classification},
  author={Jones, Philip and Binns, David and Chang, Hsin-Yu and Fraser, Matthew and Li, Weizhong and McAnulla, Craig and McWilliam, Hamish and Maslen, John and Mitchell, Alex and Nuka, Gift and others},
  journal={Bioinformatics},
  volume={30},
  number={9},
  pages={1236--1240},
  year={2014},
  publisher={Oxford University Press}
}

@article{uniprot2014uniprot,
  title={UniProt: a hub for protein information},
  author={UniProt Consortium},
  journal={Nucleic acids research},
  volume={43},
  number={D1},
  pages={D204--D212},
  year={2014},
  publisher={Oxford University Press}
}

@inproceedings{mckinney2010data,
  title={Data structures for statistical computing in python},
  author={McKinney, Wes and others},
  booktitle={Proceedings of the 9th Python in Science Conference},
  volume={445},
  pages={51--56},
  year={2010},
  organization={Austin, TX}
}

@article{van2011numpy,
  title={The NumPy array: a structure for efficient numerical computation},
  author={Van Der Walt, Stefan and Colbert, S Chris and Varoquaux, Gael},
  journal={Computing in Science \& Engineering},
  volume={13},
  number={2},
  pages={22},
  year={2011},
  publisher={IEEE Computer Society}
}

@Manual{rprogman,
  title        = {R: A Language and Environment for Statistical
                  Computing},
  author       = {{R Core Team}},
  organization = {R Foundation for Statistical Computing},
  address      = {Vienna, Austria},
  year         = {2019},
  url          = {https://www.R-project.org}
}

@Misc{scipystack,
  author =    {Eric Jones and Travis Oliphant and Pearu Peterson and others},
  title =     {{SciPy}: Open source scientific tools for {Python}},
  year =      {2001--},
  url = "http://www.scipy.org/",
  note = {[Online; accessed <today>]}
}

@inproceedings{abadi2016tensorflow,
  title={Tensorflow: A system for large-scale machine learning},
  author={Abadi, Mart{\'\i}n and Barham, Paul and Chen, Jianmin and Chen, Zhifeng and Davis, Andy and Dean, Jeffrey and Devin, Matthieu and Ghemawat, Sanjay and Irving, Geoffrey and Isard, Michael and others},
  booktitle={12th $\{$USENIX$\}$ Symposium on Operating Systems Design and Implementation ($\{$OSDI$\}$ 16)},
  pages={265--283},
  year={2016}
}

@inproceedings{Paszke2017,
  title={Automatic differentiation in PyTorch},
  author={Paszke, Adam and Chanan, Gregory and Lin, Zeming and Gross, Sam and Yang, Edward and Antiga, Luca and Devito, Zachary},
  booktitle={Proceedings of the 31st Conference on Neural Information Processing Systems (NIPS 2017) Workshop on Automatic Differentiation},
  year={2017},
  organization={Long Beach, CA}
}

@article{pedregosa2011scikit,
  title={Scikit-learn: Machine learning in Python},
  author={Pedregosa, Fabian and Varoquaux, Ga{\"e}l and Gramfort, Alexandre and Michel, Vincent and Thirion, Bertrand and Grisel, Olivier and Blondel, Mathieu and Prettenhofer, Peter and Weiss, Ron and Dubourg, Vincent and others},
  journal={Journal of machine learning research},
  volume={12},
  number={Oct},
  pages={2825--2830},
  year={2011}
}

@Manual{bokeh,
title = {Bokeh: Python library for interactive visualization},
author = {{Bokeh Development Team}},
year = {2018},
url = {http://www.bokeh.pydata.org},
}

@misc{seaborn,
    author={Michael Waskom and others},
    title        = {mwaskom/seaborn: v0.8.1 (September 2017)},
    month        = sep,
    year         = 2017,
    doi          = {10.5281/zenodo.883859},
    url          = {https://doi.org/10.5281/zenodo.883859}
}

@misc{scikitbio,
    title = {scikit-bio},
    author = {scikit-bio development team},
    year = {2014},
    note = {Python package version 0.5.5},
    url = {http://scikit-bio.org/docs/0.5.5/index.html}
  }
  
  @article{pearson19905,
  title={[5] Rapid and sensitive sequence comparison with FASTP and FASTA},
  author={Pearson, William R},
  journal = {Methods in Enzymology},
  year={1990},
  publisher={Elsevier}
}

@article{cock2009biopython,
  title={Biopython: freely available Python tools for computational molecular biology and bioinformatics},
  author={Cock, Peter JA and Antao, Tiago and Chang, Jeffrey T and Chapman, Brad A and Cox, Cymon J and Dalke, Andrew and Friedberg, Iddo and Hamelryck, Thomas and Kauff, Frank and Wilczynski, Bartek and others},
  journal={Bioinformatics},
  volume={25},
  number={11},
  pages={1422--1423},
  year={2009},
  publisher={Oxford University Press}
}

@article{ben2005yaml,
  title={Yaml ain't markup language (yamlâ„¢) version 1.1},
  author={Ben-Kiki, Oren and Evans, Clark and Ingerson, Brian},
  journal={yaml. org, Tech. Rep},
  pages={23},
  year={2005}
}

@inproceedings{folk2011overview,
  title={An overview of the HDF5 technology suite and its applications},
  author={Folk, Mike and Heber, Gerd and Koziol, Quincey and Pourmal, Elena and Robinson, Dana},
  booktitle={Proceedings of the EDBT/ICDT 2011 Workshop on Array Databases},
  pages={36--47},
  year={2011},
  organization={ACM}
}

@book{owens2006definitive,
  title={The definitive guide to SQLite},
  author={Owens, Mike},
  year={2006},
  publisher={Apress}
}

@book{dubois1999mysql,
  title={MySQL},
  author={DuBois, Paul and Foreword By-Widenius, Michael},
  year={1999},
  publisher={New riders publishing}
}

@book{momjian2001postgresql,
  title={PostgreSQL: introduction and concepts},
  author={Momjian, Bruce},
  volume={192},
  year={2001},
  publisher={Addison-Wesley New York}
}

@book{sql1987guide,
  title={A Guide to the SQL Standard},
  author={Date, Chris J and Darwen, Hugh},
  volume={3},
  year={1987},
  publisher={Addison-Wesley New York}
}

@techreport{ISO9075,
type = {Standard},
author={ISO},
key = {ISO/IEC 9075-1:2016},
month = {December},
year = {2016},
title = {{Information technology -- Database languages -- SQL -- Part 1: Framework (SQL/Framework)}},
volume = {35},
address = {Geneva, CH},
institution = {International Organization for Standardization}
}

@article{bayer2014sqlalchemy,
  title={SQLAlchemy},
  author={Bayer, Michael},
  journal={The architecture of open source applications},
  volume={2},
  pages={291--314},
  year={2014}
}

@inproceedings{o2008object,
  title={Object/relational mapping 2008: hibernate and the entity data model (edm)},
  author={O'Neil, Elizabeth J},
  booktitle={Proceedings of the 2008 ACM SIGMOD international conference on Management of data},
  pages={1351--1356},
  year={2008},
  organization={ACM}
}

@article{booch1986object,
  title={Object-oriented development},
  author={Booch, Grady},
  volume={SE-12},
  journal={IEEE transactions on Software Engineering},
  number={2},
  pages={211--221},
  year={1986},
  publisher={IEEE}
}

@book{newell1957programming,
  title={Programming the logic theory machine},
  author={Newell, Allen and Shaw, J Cliff and Simon, HA},
  year={1957},
  publisher={Rand Corporation}
}

@article{bray2014rfc,
  title={Rfc 7159: The javascript object notation (json) data interchange format},
  author={Bray, T},
  journal={Internet Engineering Task Force (IETF)},
  year={2014}
}

@article{canese2006pubmed,
  title={PubMed celebrates its 10th anniversary},
  author={Canese, K},
  journal={NLM Tech Bull},
  volume={352},
  number={352},
  year={2006}
}

@article{kanehisa2000kegg,
  title={KEGG: kyoto encyclopedia of genes and genomes},
  author={Kanehisa, Minoru and Goto, Susumu},
  journal={Nucleic acids research},
  volume={28},
  number={1},
  pages={27--30},
  year={2000},
  publisher={Oxford University Press}
}

@article{karp2002metacyc,
  title={The metacyc database},
  author={Karp, Peter D and Riley, Monica and Paley, Suzanne M and Pellegrini-Toole, Alida},
  journal={Nucleic acids research},
  volume={30},
  number={1},
  pages={59--61},
  year={2002},
  publisher={Oxford University Press}
}

@article{hunter2008interpro,
  title={InterPro: the integrative protein signature database},
  author={Hunter, Sarah and Apweiler, Rolf and Attwood, Teresa K and Bairoch, Amos and Bateman, Alex and Binns, David and Bork, Peer and Das, Ujjwal and Daugherty, Louise and Duquenne, Lauranne and others},
  journal={Nucleic acids research},
  volume={37},
  number={suppl\_1},
  pages={D211--D215},
  year={2008},
  publisher={Oxford University Press}
}

@article{ashburner2000gene,
  title={Gene ontology: tool for the unification of biology},
  author={Ashburner, Michael and Ball, Catherine A and Blake, Judith A and Botstein, David and Butler, Heather and Cherry, J Michael and Davis, Allan P and Dolinski, Kara and Dwight, Selina S and Eppig, Janan T and others},
  journal={Nature genetics},
  volume={25},
  number={1},
  pages={25},
  year={2000},
  publisher={Nature Publishing Group}
}

@article{finke2008niche,
  title={Niche partitioning increases resource exploitation by diverse communities},
  author={Finke, Deborah L and Snyder, William E},
  journal={Science},
  volume={321},
  number={5895},
  pages={1488--1490},
  year={2008},
  publisher={American Association for the Advancement of Science}
}

@book{beeley2013web,
  title={Web application development with R using Shiny},
  author={Beeley, Chris},
  year={2013},
  publisher={Packt Publishing Ltd}
}

@inproceedings{snyder1986encapsulation,
  title={Encapsulation and inheritance in object-oriented programming languages},
  author={Snyder, Alan},
  booktitle={ACM Sigplan Notices},
  volume={21},
  pages={38--45},
  year={1986},
  organization={ACM}
}

@book{martin2006computer,
  title={Computer jargon dictionary and thesaurus},
  author={Martin, Eddie},
  year={2006},
  publisher={Beecroft Publishing}
}

@article{ambler2000mapping,
  title={Mapping objects to relational databases},
  author={Ambler, Scott W},
  journal={On the World Wide Web: http://www. AmbySoft. com},
  year={2000}
}

@incollection{beeri1989sophisticate,
  title={A sophisticate's introduction to database normalization theory},
  author={Beeri, Catriel and Bernstein, Philip A and Goodman, Nathan},
  booktitle={Readings in Artificial Intelligence and Databases},
  pages={468--479},
  year={1989},
  publisher={Elsevier}
}

@misc{berners1998uniform,
  title={Uniform resource identifiers (URI): Generic syntax},
  author={Berners-Lee, Tim and Fielding, Roy and Masinter, Larry and others},
  year={1998},
  publisher={RFC 2396, August}
}

@misc{furuhashi2013messagepack,
  title={MessagePack Specification},
  author={Furuhashi, Sadayuki},
  year={2013},
  publisher={Duben}
}

@article{varda2008protocol,
  title={Protocol buffers: Googleâ€™s data interchange format},
  author={Varda, Kenton},
  journal={Google Open Source Blog, Available at least as early as Jul},
  volume={72},
  year={2008}
}

@misc{krebs_2017, title={Beating JSON performance with Protobuf}, url={https://auth0.com/blog/beating-json-performance-with-protobuf/}, journal={Auth0}, author={Krebs, Bruno}, year={2017}, month={Jan}}

@misc{cooper_2010, title={MessagePack: Efficient, Cross Language Binary Object Serialization}, url={http://www.rubyinside.com/messagepack-binary-object-serialization-3150.html}, journal={Ruby Inside - A Ruby Blog}, publisher={Ruby Inside}, author={Cooper, Peter}, year={2010}, month={Mar}}

@misc{bengtsson_24AD, title={Msgpack vs JSON (with gzip)}, url={https://www.peterbe.com/plog/msgpack-vs-json-with-gzip}, journal={Peterbe.com}, author={Bengtsson, Peter}, year={24AD}, month={Jul}}

@misc{d4_softwareltd_2017, title={A brief history of JSON}, url={https://blog.sqlizer.io/posts/json-history/}, journal={SQLizer.io}, author={D4 Software Ltd}, year={2017}, month={Jun}}

@article{kanehisa2015kegg,
  title={KEGG as a reference resource for gene and protein annotation},
  author={Kanehisa, Minoru and Sato, Yoko and Kawashima, Masayuki and Furumichi, Miho and Tanabe, Mao},
  journal={Nucleic acids research},
  volume={44},
  number={D1},
  pages={D457--D462},
  year={2015},
  publisher={Oxford University Press}
}

@misc{krylysov_2015, title={Benchmark of Python JSON libraries}, url={https://artem.krylysov.com/blog/2015/09/29/benchmark-python-json-libraries/}, journal={Artem Krylysov Blog}, publisher={Artem Krylysov}, author={Krylysov, Artem}, year={2015}, month={Sep}}

@article{wang2009rna,
  title={RNA-Seq: a revolutionary tool for transcriptomics},
  author={Wang, Zhong and Gerstein, Mark and Snyder, Michael},
  journal={Nature reviews genetics},
  volume={10},
  number={1},
  pages={57},
  year={2009},
  publisher={Nature Publishing Group}
}

@article{phizicky2003protein,
  title={Protein analysis on a proteomic scale},
  author={Phizicky, Eric and Bastiaens, Philippe IH and Zhu, Heng and Snyder, Michael and Fields, Stanley},
  journal={Nature},
  volume={422},
  number={6928},
  pages={208},
  year={2003},
  publisher={Nature Publishing Group}
}

@article{subramanian2005gene,
  title={Gene set enrichment analysis: a knowledge-based approach for interpreting genome-wide expression profiles},
  author={Subramanian, Aravind and Tamayo, Pablo and Mootha, Vamsi K and Mukherjee, Sayan and Ebert, Benjamin L and Gillette, Michael A and Paulovich, Amanda and Pomeroy, Scott L and Golub, Todd R and Lander, Eric S and others},
  journal={Proceedings of the National Academy of Sciences},
  volume={102},
  number={43},
  pages={15545--15550},
  year={2005},
  publisher={National Acad Sciences}
}

@misc{international, title={PythonCyc: A Python Interface for Pathway Tools}, url={http://brg.ai.sri.com/ptools/pythoncyc.html}, journal={PythonCyc for Pathway Tools}, publisher={ SRI International}, author={International, SRI}}

@article{zhang2009kegggraph,
  title={KEGGgraph: a graph approach to KEGG PATHWAY in R and bioconductor},
  author={Zhang, Jitao David and Wiemann, Stefan},
  journal={Bioinformatics},
  volume={25},
  number={11},
  pages={1470--1471},
  year={2009},
  publisher={Oxford University Press}
}

@article{posma2013metabonetworks,
  title={MetaboNetworks, an interactive Matlab-based toolbox for creating, customizing and exploring sub-networks from KEGG},
  author={Posma, Joram M and Robinette, Steven L and Holmes, Elaine and Nicholson, Jeremy K},
  journal={Bioinformatics},
  volume={30},
  number={6},
  pages={893--895},
  year={2013},
  publisher={Oxford University Press}
}

@article{yu2012clusterprofiler,
  title={clusterProfiler: an R package for comparing biological themes among gene clusters},
  author={Yu, Guangchuang and Wang, Li-Gen and Han, Yanyan and He, Qing-Yu},
  journal={Omics: a journal of integrative biology},
  volume={16},
  number={5},
  pages={284--287},
  year={2012},
  publisher={Mary Ann Liebert, Inc. 140 Huguenot Street, 3rd Floor New Rochelle, NY 10801 USA}
}

@article{berners1994world,
  title={World Wide Web},
  author={Berners-Lee, Tim and Dimitroyannis, Dimitri and Mallinckrodt, A John and McKay, Susan},
  journal={Computers in Physics},
  volume={8},
  number={3},
  pages={298--299},
  year={1994},
  publisher={AIP}
}

@phdthesis{nelson1981remote,
 author = {Nelson, Bruce Jay},
 title = {Remote Procedure Call},
 year = {1981},
 note = {AAI8204168},
 school = {Carnegie Mellon University},
 address = {Pittsburgh, PA, USA},
} 

@incollection{svobodova1985client,
  title={Client/server model of distributed processing},
  author={Svobodova, Liba},
  booktitle={Kommunikation in Verteilten Systemen I},
  pages={485--498},
  year={1985},
  publisher={Springer}
}

@misc{garrett2005ajax,
author = {James Garrett, Jesse},
year = {2005},
month = {02},
title = {Ajax: A new approach to web applications}
}

@book{flanagan2006javascript,
  title={JavaScript: the definitive guide},
  author={Flanagan, David},
  year={2006},
  publisher={" O'Reilly Media, Inc."}
}

@misc{fielding1999hypertext,
  title={Hypertext transfer protocol--HTTP/1.1},
  author={Fielding, Roy and Gettys, Jim and Mogul, Jeffrey and Frystyk, Henrik and Masinter, Larry and Leach, Paul and Berners-Lee, Tim},
  year={1999},
  publisher={RFC 2616, june}
}

@article{berners1994rfc,
  title={RFC 1738: Uniform resource locators (URL)},
  author={Berners-Lee, Tim},
  journal={ftp://ftp. internic. net/rfc/rfc1738. txt},
  year={1994}
}

@inproceedings{han2011survey,
  title={Survey on NoSQL database},
  author={Han, Jing and Haihong, E and Le, Guan and Du, Jian},
  booktitle={2011 6th international conference on pervasive computing and applications},
  pages={363--366},
  year={2011},
  organization={IEEE}
}

@article{fitzpatrick2004distributed,
  title={Distributed caching with memcached},
  author={Fitzpatrick, Brad},
  journal={Linux journal},
  volume={2004},
  number={124},
  pages={5},
  year={2004},
  publisher={Belltown Media}
}

@inproceedings{gwertzman1996world,
  title={World Wide Web Cache Consistency.},
  author={Gwertzman, James and Seltzer, Margo I},
  booktitle={USENIX annual technical conference},
  pages={141--152},
  year={1996}
}

@inproceedings{beazley2010understanding,
  title={Understanding the python gil},
  author={Beazley, David},
  booktitle={PyCON Python Conference. Atlanta, Georgia},
  year={2010}
}

@book{grinberg2018flask,
  title={Flask web development: developing web applications with python},
  author={Grinberg, Miguel},
  year={2018},
  publisher={" O'Reilly Media, Inc."}
}

@article{leach2005universally,
  title={RFC 4122: A universally unique identifier (UUID) URN namespace},
  author={Leach, P and Mealling, Michael and Salz, Rich},
  journal={Proposed Standard, July},
  year={2005}
}

@misc{mccurdy_2019, title={Redis}, url={https://pypi.org/project/redis/}, journal={The Python interface to the Redis key-value store.}, publisher={PyPi}, author={McCurdy, Andy}, year={2019}, month={Aug}}

@misc{PythonUUID, title={UUID objects according to RFC 4122}, url={https://docs.python.org/3/library/uuid.html}, journal={Python 3.7.4 documentation}, publisher={Python Software Foundation}, author={Python Team}, year={2019}, month={Jul}}

@article{fielding2000representational,
  title={Representational state transfer},
  author={Fielding, Roy},
  journal={Architectural Styles and the Design of Netowork-based Software Architecture},
  pages={76--85},
  year={2000}
}

@book{holovaty2009definitive,
  title={The definitive guide to Django: Web development done right},
  author={Holovaty, Adrian and Kaplan-Moss, Jacob},
  year={2009},
  publisher={Apress}
}

@article{lawton2008developing,
  title={Developing software online with platform-as-a-service technology},
  author={Lawton, George},
  journal={Computer},
  volume={41},
  number={6},
  pages={13--15},
  year={2008},
  publisher={IEEE}
}